@article{Tourus2018,
   author = {Barnett, Ian and Torous, John and Staples, Patrick and Sandoval, Luis and Keshavan, Matcheri and Onnela, Jukka-Pekka},
   title = {Relapse prediction in schizophrenia through digital phenotyping: a pilot study},
   journal = {Neuropsychopharmacology},
   volume = {43},
   number = {8},
   pages = {1660-1666},
    year = {2018},
}


@article{ref:jSHI08,
   author = {S. Shiffman and A. A. Stone and M. R. Hufford},
   title = {Ecological momentary assessment},
   journal = {Annu. Rev. Clin. Psychol.},
   volume = {4},
   number = {1},
   pages = {1-32},
   year = {2008},
}


@article{ref:jWHE15,
   author = {P. Whelan and M. Machin and S. Lewis and I. Buchan and C. Sanders and E. Applegate and C. Stockton and S. Preston and R. A. Bowen and Z. Ze and C. Roberts and L. Davies and T. Wykes and N. Tarrier and S. Kapur and J. Ainsworth},
   title = {Mobile early detection and connected intervention to coproduce better care in severe mental illness},
   journal = {Stud. Health Technol. Inform.},
   volume = {216},
   number = {1},
   pages = {123-126},
   year = {2015},
}


@article{SUrvey_2018,
  author={Erik Reinertsen and Gari D Clifford},
  title={A review of physiological and behavioral monitoring with digital sensors for neuropsychiatric illnesses},
  journal={Physiol. Meas.},
  volume={39},
  number={5},
  pages={05TR01},
   year={2018},
}


@article{van2017,
  author = {Vancampfort, Davy and Firth, Joseph and Schuch, Felipe B., and Rosenbaum, Simon and Mugisha, James and Hallgren, Mats and Probst, Michel and Ward, Philip B. and Gaughran, Fiona and De Hert, Marc and Carvalho, Andre F. and Stubbs, Brendon},
  title = {Sedentary behavior and physical activity levels in people with schizophrenia, bipolar disorder and major depressive disorder: a global systematic review and meta‚Äêanalysis},
  journal = {World Psychiatry},
  volume = {16},
  number = {3},
  pages = {308-315},
  year = {2017}
}

@article{ref:jSUD15,
   author = {Sudlow, C. and Gallacher, J. and Allen, N. and Beral, V. and Burton, P. and Danesh, J.},
   title = {{UK} Biobank: An Open Access Resource for Identifying the Causes of a Wide Range of Complex Diseases of Middle and Old Age},
   journal = {PLoS Med.},
   volume = {12},
   number = {3},
   pages = {e1001779},
   year = {2015}
}


@www{
ref:oAXI19,
  author        = {{Axivity}},
  title         = {{AX3 3-axis logging accelerometer}},
  url           = {https://axivity.com/product/ax3/},
  year          = {2019}
}


@article{Doherty2017,
   author = {Doherty, A. and Jackson, D. and Hammerla, N and Plotz, T. and Olivier, P. and Granat, M. H. and White, T. and {van Hees}, V. T. and Trenell, M. I. and Owen, C. G. and Preece, S. J. and Gillions, R. and Sheard, S. and Peakman, T. and Brage, S. and Wareham, N. J.},
   title = {Large Scale Population Assessment of Physical Activity Using Wrist Worn Accelerometers: The {UK} Biobank Study},
   journal = {PLoS One},
   volume = {12},
   number = {2},
   pages = {e0169649},
   year = {2017}
}


@article{Davis2018mhq,
   author = {Davis, K. A. S. and Coleman, J. R. I. and Adams, M. and Allen, N. and Breen, G. and Cullen, B. and Dickens, C. and Fox, E. and Graham, N. and Holliday, J. and Howard, L. M. and John, A. and Lee, W. and McCabe, R. and McIntosh, A. and Pearsall, R. and Smith, D. J. and Sudlow, C. and Ward, J. and Zammit, S. and Hotopf, M.},
   title = {Mental health in {UK} Biobank: development, implementation and results from an online questionnaire completed by 157 366 participants},
   journal = {BJPsych Open},
   volume = {4},
   number = {3},
   pages = {83-90},
   year = {2018}
}


@book{witten2016data,
  address = {Burlington},
  title={Data Mining: Practical machine learning tools and techniques},
  author={Witten, Ian H and Frank, Eibe and Hall, Mark A and Pal, Christopher J},
  year={2016},
  publisher={Morgan Kaufmann},
}


@article{RN90,
  title={Deep learning},
  author={LeCun, Yann and Bengio, Yoshua and Hinton, Geoffrey},
  journal={Nature},
  volume={521},
  number={7553},
  pages={436},
  year={2015},
}


@www{
ref:oCHO13,
  author        = {{F. Chollet}},
  title         = {{Keras: The Python Deep Learning library}},
  url           = {https://keras.io/},
  year          = {2013}
}
